<?xml version="1.0" encoding="UTF-8"?><collection xmlns="http://www.loc.gov/MARC21/slim"><record><leader>00502nam--2200193-u-4500</leader><controlfield tag="001">000051992</controlfield><controlfield tag="002">20161230</controlfield><controlfield tag="005">20161230201049</controlfield><controlfield tag="008">090526s1000------------r-----000-0-eng-d</controlfield><datafield ind1=" " ind2=" " tag="020"><subfield code="a">0486442373</subfield></datafield><datafield ind1=" " ind2=" " tag="040"><subfield code="a">IFIN-HH</subfield></datafield><datafield ind1="1" ind2=" " tag="100"><subfield code="a">Busemann, Herbert</subfield></datafield><datafield ind1="1" ind2="0" tag="245"><subfield code="a">The Geometry of geodesics</subfield><subfield code="c">Herbert Busemann</subfield></datafield><datafield ind1=" " ind2=" " tag="260"><subfield code="a">Mineola</subfield><subfield code="b">Dover Publications</subfield><subfield code="c">2005</subfield></datafield><datafield ind1=" " ind2=" " tag="300"><subfield code="a">422 p</subfield></datafield><datafield ind1=" " ind2="4" tag="650"><subfield code="a">Curves on Surfaces</subfield></datafield><datafield ind1="1" ind2=" " tag="700"><subfield code="a">Busemann Herbert</subfield></datafield><datafield ind1=" " ind2=" " tag="852"><subfield code="a">82260</subfield><subfield code="c">513.73</subfield></datafield><datafield ind1=" " ind2=" " tag="CAT"><subfield code="a">Sys</subfield><subfield code="c">20090619</subfield><subfield code="h">085531</subfield></datafield></record></collection>